@article{fair1978theory,
  title={A theory of extramarital affairs},
  author={Fair, Ray C},
  journal={Journal of Political Economy},
  volume={86},
  number={1},
  pages={45--61},
  year={1978},
  publisher={The University of Chicago Press}
}

@article{riphahn2003incentive,
  title={Incentive effects in the demand for health care: a bivariate panel count data estimation},
  author={Riphahn, Regina T and Wambach, Achim and Million, Andreas},
  journal={Journal of applied econometrics},
  volume={18},
  number={4},
  pages={387--405},
  year={2003},
  publisher={Wiley Online Library}
}