@article{koop2004learning,
  title={Learning about heterogeneity in returns to schooling},
  author={Koop, Gary and Tobias, Justin L},
  journal={Journal of Applied Econometrics},
  volume={19},
  number={7},
  pages={827--849},
  year={2004},
  publisher={Wiley Online Library}
}

